@ARTICLE{Lara2020,
       author = {{Akiyama}, S. and {Alfaro}, R. and {Alvarez}, C. and {Angeles Camacho}, J.~R. and {Arteaga-Vel{\'a}zquez}, J.~C. and {Arunbabu}, K.~P. and {Avila Rojas}, D. and {Ayala Solares}, H.~A. and {Belmont-Moreno}, E. and {Caballero-Mora}, K.~S. and {Capistr{\'a}n}, T. and {Carrami{\~n}ana}, A. and {Casanova}, S. and {Colin-Farias}, P. and {Cotti}, U. and {Cotzomi}, J. and {De la Fuente}, E. and {de Le{\'o}n}, C. and {Diaz Hernandez}, R. and {Espinoza}, C. and {Fraija}, N. and {Galv{\'a}n-G{\'a}mez}, A. and {Garcia}, D. and {Garc{\'\i}a-Gonz{\'a}lez}, J.~A. and {Garfias}, F. and {Gonz{\'a}lez}, M.~M. and {Goodman}, J.~A. and {Harding}, J.~P. and {Hona}, B. and {Huang}, D. and {Hueyotl-Zahuantitla}, F. and {H{\"u}ntemeyer}, P. and {Iriarte}, A. and {Joshi}, V. and {Kieda}, D. and {Kunde}, G.~J. and {Lara}, A. and {Le{\'o}n Vargas}, H. and {Luis-Raya}, G. and {Malone}, K. and {Mart{\'\i}nez-Castro}, J. and {Matthews}, J.~A. and {Miranda-Romagnoli}, P. and {Moreno}, E. and {Nayerhoda}, A. and {Nellen}, L. and {Newbold}, M. and {Niembro}, T. and {Nieves-Chinchilla}, T. and {Noriega-Papaqui}, R. and {P{\'e}rez-P{\'e}rez}, E.~G. and {Preisser}, L. and {Rho}, C.~D. and {Ryan}, J. and {Salazar}, H. and {Salesa Greus}, F. and {Sandoval}, A. and {Springer}, R.~W. and {Torres}, I. and {Ure{\~n}a-Mena}, F. and {Villase{\~n}or}, L. and {Zepeda}, A.},
        title = "{Interplanetary Magnetic Flux Rope Observed at Ground Level by HAWC}",
      journal = {ApJ},
     keywords = {Cosmic rays, Solar coronal mass ejections, Interplanetary medium, Interplanetary magnetic fields, Interplanetary particle acceleration, 329, 310, 825, 824, 826, Astrophysics - Solar and Stellar Astrophysics, Astrophysics - High Energy Astrophysical Phenomena},
         year = 2020,
        month = dec,
       volume = {905},
       number = {1},
          eid = {73},
        pages = {73},
          doi = {10.3847/1538-4357/abc344},
archivePrefix = {arXiv},
       eprint = {2101.03243},
 primaryClass = {astro-ph.SR},
       adsurl = {https://ui.adsabs.harvard.edu/abs/2020ApJ...905...73A},
      adsnote = {Provided by the SAO/NASA Astrophysics Data System}
}

@ARTICLE{2012LRSP....9....3W,
       author = {{Webb}, David F. and {Howard}, Timothy A.},
        title = "{Coronal Mass Ejections: Observations}",
      journal = {Living Reviews in Solar Physics},
     keywords = {Solar wind plasma, Magnetic field reconnection, Coronal mass ejections, Solar-terrestrial relations},
         year = 2012,
        month = jun,
       volume = {9},
       number = {1},
          eid = {3},
        pages = {3},
          doi = {10.12942/lrsp-2012-3},
       adsurl = {https://ui.adsabs.harvard.edu/abs/2012LRSP....9....3W},
      adsnote = {Provided by the SAO/NASA Astrophysics Data System}
}


